<?xml version="1.0" encoding="UTF-8"?><collection xmlns="http://www.loc.gov/MARC21/slim"><record><leader>00393nam--2200133-i-4500</leader><controlfield tag="001">000003771</controlfield><controlfield tag="002">20161230</controlfield><controlfield tag="005">20161230201025</controlfield><controlfield tag="008">060222s1000------------r-----000-0-eng-d</controlfield><datafield ind1=" " ind2=" " tag="080"><subfield code="a">621.314</subfield></datafield><datafield ind1=" " ind2=" " tag="100"><subfield code="a">Gaganov,I.I</subfield></datafield><datafield ind1=" " ind2=" " tag="245"><subfield code="a">Mutatori electronici si ionici. (bazele electronicei industriale) traducere din limba rusa</subfield></datafield><datafield ind1=" " ind2=" " tag="260"><subfield code="a">Bucuresti,Editura Energetica De Stat,1953. 521p</subfield></datafield><datafield ind1=" " ind2=" " tag="852"><subfield code="a">1727</subfield></datafield></record></collection>